% Introduccion

@inproceedings{huh2017managing,
  title={Managing IoT devices using blockchain platform},
  author={Huh, Seyoung and Cho, Sangrae and Kim, Soohyung},
  booktitle={2017 19th international conference on advanced communication technology (ICACT)},
  pages={464--467},
  year={2017},
  organization={IEEE}
}

@inproceedings{dorri2017blockchain,
  title={Blockchain for IoT security and privacy: The case study of a smart home},
  author={Dorri, Ali and Kanhere, Salil S and Jurdak, Raja and Gauravaram, Praveen},
  booktitle={2017 IEEE international conference on pervasive computing and communications workshops (PerCom workshops)},
  pages={618--623},
  year={2017},
  organization={IEEE}
}

@article{kshetri2017can,
  title={Can blockchain strengthen the internet of things?},
  author={Kshetri, Nir},
  journal={IT professional},
  volume={19},
  number={4},
  pages={68--72},
  year={2017},
  publisher={IEEE}
}

@article{khan2018iot,
  title={IoT security: Review, blockchain solutions, and open challenges},
  author={Khan, Minhaj Ahmad and Salah, Khaled},
  journal={Future Generation Computer Systems},
  volume={82},
  pages={395--411},
  year={2018},
  publisher={Elsevier}
}

@article{novo2018blockchain,
  title={Blockchain meets IoT: An architecture for scalable access management in IoT},
  author={Novo, Oscar},
  journal={IEEE Internet of Things Journal},
  volume={5},
  number={2},
  pages={1184--1195},
  year={2018},
  publisher={IEEE}
}

@article{reyna2018blockchain,
  title={On blockchain and its integration with IoT. Challenges and opportunities},
  author={Reyna, Ana and Mart{\'\i}n, Cristian and Chen, Jaime and Soler, Enrique and D{\'\i}az, Manuel},
  journal={Future generation computer systems},
  volume={88},
  pages={173--190},
  year={2018},
  publisher={Elsevier}
}

@book{antonopoulos2014mastering,
  title={Mastering Bitcoin: unlocking digital cryptocurrencies},
  author={Antonopoulos, Andreas M},
  year={2014},
  publisher={" O'Reilly Media, Inc."}
}

@online{bmoney,
    title = "B-money - Bitcoin Wiki",
    url  = "https://en.bitcoin.it/wiki/B-money",
    addendum = "[Último acceso: 20 Octubre 2020]",
    keywords = "B-money"
}

@online{hashcash,
    title = "Hashcash - Wikipedia",
    url  = "https://en.wikipedia.org/wiki/Hashcash",
    addendum = "[Último acceso: 20 Octubre 2020]",
    keywords = "Hashcash"
}

@online{peer-to-peer,
    title = "Peer-to-peer - Wikipedia",
    url  = "https://en.wikipedia.org/wiki/Peer-to-peer",
    addendum = "[Último acceso: 20 Octubre 2020]",
    keywords = "Peer-to-peer"
}

@online{proof-of-work,
    author = "Parikshit Hooda",
    title = "Proof of Work (PoW) Consensus - GeeksforGeeks",
    url  = "https://www.geeksforgeeks.org/proof-of-work-pow-consensus/",
    addendum = "[Último acceso: 20 Octubre 2020]",
    keywords = "Proof of work"
}

@online{what-is-iot,
    author = "Jen Clark",
    title = "What is the internet of Things, and how does it work?",
    url  = "https://www.ibm.com/blogs/internet-of-things/what-is-the-iot/",
    addendum = "[Último acceso: 20 Octubre 2020]",
    keywords = "Internet of Things"
}

@online{what-is-rasp,
    title = "What is a Raspberry Pi",
    url  = "https://www.raspberrypi.org/help/what-%20is-a-raspberry-pi/",
    addendum = "[Último acceso: 20 Octubre 2020]",
    keywords = "Raspberry pi"
}

@online{rasp-model-4-specifications,
    title = "Raspberry Pi 4 Model B specifications - Raspberry Pi",
    url  = "https://www.raspberrypi.org/products/raspberry-pi-4-model-b/specifications/",
    addendum = "[Último acceso: 20 Octubre 2020]",
    keywords = "Raspberry pi model 4"
}

@online{what-is-rasp2,
    title = "What is a Raspberry Pi? | Opensource.com",
    url  = "https://opensource.com/resources/raspberry-pi",
    addendum = "[Último acceso: 20 Octubre 2020]",
    keywords = "Raspberry pi"
}

% Herramientas

@online{public-private-blockchain,
    author = "Demiro Massessi",
    title = "Public Vs Private Blockchain In a Nutshell",
    url  = "https://medium.com/coinmonks/public-vs-private-blockchain-in-a-nutshell-c9fe284fa39f",
    addendum = "[Último acceso: 22 Octubre 2020]",
    keywords = "public private blockchain"
}

@online{ethereum-nodes,
    title = "Ethereum Mainnet Statistics",
    url  = "https://ethernodes.org/",
    addendum = "[Último acceso: 21 Octubre 2020]",
    keywords = "ethereum nodes"
}

@online{top-blockchain-platforms,
    author = "Nitish Singh",
    title = "Top Blockchain Platforms and Enterprise Solutions to Choose From",
    url  = "https://101blockchains.com/blockchain-platforms/",
    addendum = "[Último acceso: 25 Octubre 2020]",
    keywords = "Blockchain platforms"
}

@online{top-blockchain-platforms-app,
    author = "Toshendra Kumar Sharma",
    title = "Top 2020 Blockchain Platforms for Building Blockchain-Based Applications",
    url  = "https://www.blockchain-council.org/blockchain/top-2020-blockchain-platforms-for-building-blockchain-based-applications/",
    addendum = "[Último acceso: 25 Octubre 2020]",
    keywords = "Blockchain platforms"
}

@online{proof-of-stake,
    author = "Jake Frankenfield",
    title = "Proof of Stake (PoS)",
    url  = "https://www.investopedia.com/terms/p/proof-stake-pos.asp",
    addendum = "[Último acceso: 25 Octubre 2020]",
    keywords = "Proof of Stake"
}

@online{what-is-dapp,
    author = "Grant Bartel",
    title = "What is a Dapp? A Guide to Ethereum Dapps",
    url  = "https://www.freecodecamp.org/news/what-is-a-dapp-a-guide-to-ethereum-dapps/",
    addendum = "[Último acceso: 25 Octubre 2020]",
    keywords = "Dapp"
}

@online{top-blockchain-platforms-app2,
    title = "Top Blockchain Platforms of 2020 for Blockchain Application",
    url  = "https://www.leewayhertz.com/blockchain-platforms-for-top-blockchain-companies/",
    addendum = "[Último acceso: 25 Octubre 2020]",
    keywords = "Blockchain platforms"
}

@online{blockchain-as-a-service,
    author = "Jake Frankenfield",
    title = "Blockchain-as-a-Service (BaaS) Definition",
    url  = "https://www.investopedia.com/terms/b/blockchainasaservice-baas.asp",
    addendum = "[Último acceso: 25 Octubre 2020]",
    keywords = "BaaS"
}

@online{what-is-smart-contract,
    author = "Shermin Voshmgir",
    title = "What is a Smart Contract? Auto enforceable Code - Blockchain",
    url  = "https://blockchainhub.net/smart-contracts/",
    addendum = "[Último acceso: 22 Octubre 2020]",
    keywords = "Smart Contract"
}

@online{web-based-app,
    title = "Web-Based Application: What It Is, and Why You Should Use It",
    url  = "https://lvivity.com/web-based-applications",
    addendum = "[Último acceso: 26 Octubre 2020]",
    keywords = "Web-Base App"
}

@online{swap,
    author = "Fernando Talavera Mendoza",
    title = "Proyecto de SWAP (UGR)",
    url  = "https://github.com/Thejokeri/SWAP-2017-2018",
    addendum = "[Último acceso: 26 Octubre 2020]",
    keywords = "SWAP"
}

@online{progressive-web-apps,
    author = "Chris Hoffman",
    title = "What Are Progressive Web Apps?",
    url  = "https://www.howtogeek.com/342121/what-are-progressive-web-apps/",
    addendum = "[Último acceso: 26 Octubre 2020]",
    keywords = "progressive web apps"
}

@online{why-hyperledger-fabric,
    title = "Why Hyperledger Fabric? - hyperledger-fabricdocs master documentation",
    url  = "https://hyperledger-fabric.readthedocs.io/en/release/whyfabric.html",
    addendum = "[Último acceso: 26 Octubre 2020]",
    keywords = "Hyperledger Fabric"
}

@online{what-is-sdk,
    author = "Lionel Valdellon",
    title = "What is an SDK? Everything You Need to Know | CleverTap",
    url  = "https://clevertap.com/blog/what-is-an-sdk/",
    addendum = "[Último acceso: 27 Octubre 2020]",
    keywords = "SDK"
}

@online{using-couchdb,
    author = "",
    title = "Using CouchDB - hyperledger-fabricdocs master documentation",
    url  = "https://hyperledger-fabric.readthedocs.io/en/release-1.4/couchdb_tutorial.html?highlight=Leveldb#why-couchdb",
    addendum = "[Último acceso: 27 Octubre 2020]",
    keywords = "CouchDB"
}

@online{what-is-docker-swarm,
    title = "What is Docker Swarm? | Sumo Logic",
    url  = "https://www.sumologic.com/glossary/docker-swarm/",
    addendum = "[Último acceso: 27 Octubre 2020]",
    keywords = "Docker Swarm"
}

@online{graphql,
    title = "GraphQL - Wikipedia",
    url  = "https://en.wikipedia.org/wiki/GraphQL",
    addendum = "[Último acceso: 27 Octubre 2020]",
    keywords = "GraphQL"
}

@online{graphql-vs-rest,
    title = "GraphQL vs REST - A comparison",
    url  = "https://www.howtographql.com/basics/1-graphql-is-the-better-rest/",
    addendum = "[Último acceso: 27 Octubre 2020]",
    keywords = "GraphQL REST"
}

@online{api,
    title = "API - Wikipedia",
    url  = "https://en.wikipedia.org/wiki/API",
    addendum = "[Último acceso: 27 Octubre 2020]",
    keywords = "API"
}

@online{what-is-nodejs,
    author = "Priyesh Patel",
    title = "What exactly is Node.js?",
    url  = "https://www.freecodecamp.org/news/what-exactly-is-node-js-ae36e97449f5/",
    addendum = "[Último acceso: 28 Octubre 2020]",
    keywords = "Node.js"
}

@online{what-is-express.js,
    title = "node.js - What is Express.js? - Stack Overflow",
    url  = "https://stackoverflow.com/questions/12616153/what-is-express-js",
    addendum = "[Último acceso: 28 Octubre 2020]",
    keywords = "express.js"
}

@online{introduction-apollo-server,
    title = "Introduction to Apollo Server - Apollo Server - Apollo Graphql Docs",
    url  = "https://www.apollographql.com/docs/apollo-server/",
    addendum = "[Último acceso: 28 Octubre 2020]",
    keywords = "Apollo Server"
}

@online{what-is-gastby.js,
    author = "Grayson hicks",
    title = "What is Gatsby.js | Mediacurrent",
    url  = "https://www.mediacurrent.com/blog/what-is-gatsbyjs/",
    addendum = "[Último acceso: 28 Octubre 2020]",
    keywords = "Gatsby.js"
}

@online{bootstrap,
    title = "Bootstrap (front-end framework) - Wikipedia",
    url  = "https://en.wikipedia.org/wiki/Bootstrap_(front-end_framework)",
    addendum = "[Último acceso: 28 Octubre 2020]",
    keywords = "Bootstrap"
}

% Desarrollo

@online{byfn,
    title = "fabric-samples/byfn.sh at release-1.4 · hyperledger/fabric-samples",
    url  = "https://github.com/hyperledger/fabric-samples/blob/release-1.4/first-network/byfn.sh",
    addendum = "[Último acceso: 17 Octubre 2020]",
    keywords = "BYFN"
}

@online{hyperledger-fabric-docs,
    title = "A Blockchain Platform for the Enterprise",
    url  = "https://hyperledger-fabric.readthedocs.io/en/latest/index.html",
    addendum = "[Último acceso: 17 Octubre 2020]",
    keywords = "Hyperledger Fabric Docs"
}

@online{set-up-docker-rasp,
    author = "Paulo Frazao",
    title = "Happy Pi Day with Docker and Raspberry Pi - Docker Blog",
    url  = "https://www.docker.com/blog/happy-pi-day-docker-raspberry-pi/",
    addendum = "[Último acceso: 17 Octubre 2020]",
    keywords = "Docker Raspberry Pi"
}

@online{hyperledger-fabric-rasp-swarm,
    author = "Joe Motacek",
    title = "Hyperledger Fabric v1.0 on a Raspberry Pi Docker Swarm | Joe Motacek",
    url  = "https://www.joemotacek.com/2017/08/04/hyperledger-fabric-v1-0-on-a-raspberry-pi-docker-swarm-part-1/",
    addendum = "[Último acceso: 17 Octubre 2020]",
    keywords = "Hyperledger Fabric Raspberry Pi"
}

@online{install-docker-rasp,
    author = "Jonathan Meier",
    title = "Install Docker and Docker-Compose on your Raspberry Pi",
    url  = "https://jonathanmeier.io/install-docker-and-docker-compose-raspberry-pi/",
    addendum = "[Último acceso: 17 Octubre 2020]",
    keywords = "Install Docker Raspberry Pi"
}

@online{build-docker-images,
    author = "Bhaskar S",
    title = "Building Docker Images for Hyperledger Fabric (ARM Edition)",
    url  = "https://www.polarsparc.com/xhtml/Hyperledger-ARM-Build.html",
    addendum = "[Último acceso: 17 Octubre 2020]",
    keywords = "Docker Images Hyperledger"
}

@online{configure-static-ip,
    author = "Lubos Rendek",
    title = "How to configure static IP address on Ubuntu 18.04 Bionic Beaver Linux - LinuxConfig.org",
    url  = "https://linuxconfig.org/how-to-configure-static-ip-address-on-ubuntu-18-04-bionic-beaver-linux",
    addendum = "[Último acceso: 17 Octubre 2020]",
    keywords = "Static IP Ubuntu"
}

@online{deploy-stack-swarm,
    title = "Deploy a stack to a swarm | Docker Documentation",
    url  = "https://docs.docker.com/engine/swarm/stack-deploy/",
    addendum = "[Último acceso: 17 Octubre 2020]",
    keywords = "Stack Docker Swarm"
}

@online{developing-chaincode-nodejs,
    author = "Salman Dabbakuti",
    title = "Start Developing Hyperledger Fabric Chaincode in Node.js",
    url  = "https://medium.com/coinmonks/start-developing-hyperledger-fabric-chaincode-in-node-js-e63b655d98db",
    addendum = "[Último acceso: 16 Octubre 2020]",
    keywords = "Chaincode Node.js"
}

@online{hyperledger-fabric-couchdb,
    author = "Jonas Snellinckx",
    title = "Hyperledger Fabric \& couchdb, fantastic queries and where to find them",
    url  = "https://medium.com/wearetheledger/hyperledger-fabric-couchdb-fantastic-queries-and-where-to-find-them-f8a3aecef767",
    addendum = "[Último acceso: 16 Octubre 2020]",
    keywords = "Hyperledger Fabric CouchDB"
}

@online{express-docs,
    title = "Express - Node.js web application framework",
    url  = "https://expressjs.com/",
    addendum = "[Último acceso: 16 Octubre 2020]",
    keywords = "Express Node.js"
}

@online{documentation-home-apollo-basics,
    title = "Documentation Home - Apollo Basics - Apollo GraphQL Docs",
    url  = "https://www.apollographql.com/docs/",
    addendum = "[Último acceso: 16 Octubre 2020]",
    keywords = "Apollo GraphQL Docs"
}

@online{graphql-server-tutorial,
    author = "Robin Wieruch",
    title = "GraphQL Server Tutorial with Apollo Server and Express - RWieruch",
    url  = "https://www.robinwieruch.de/graphql-apollo-server-tutorial",
    addendum = "[Último acceso: 16 Octubre 2020]",
    keywords = "GraphQL Server tutorial Apollo Express"
}

@online{hyperledger-fabric-node-sdk,
    author = "Salman Dabbakuti",
    title = "Walkthrought of Hyperledger Fabric Node SDK and Client Application",
    url  = "https://medium.com/datadriveninvestor/walkthrough-of-hyperledger-fabric-client-application-aae5222bdfd3",
    addendum = "[Último acceso: 16 Octubre 2020]",
    keywords = "Hyperledger Fabric Node.js SDK"
}

@online{setup-lets-encrypt,
    author = "Flavio Copes",
    title = "Setup Let's Encrypt for Express",
    url  = "https://flaviocopes.com/express-letsencrypt-ssl/",
    addendum = "[Último acceso: 16 Octubre 2020]",
    keywords = "Let's Encrypt Express"
}

@online{structure-graphql-node.js,
    author = "Mike Vercoelen",
    title = "A scalable, modular structure for your GraphQL Node.js API - Codersmind",
    url  = "https://codersmind.com/scalable-modular-structure-graphql-node-api/#setting-up-boilerplate",
    addendum = "[Último acceso: 16 Octubre 2020]",
    keywords = "Scalable GraphQL Node.js"
}

@online{thinking-graphs,
    title = "Thinking in Graphs | GraphQL",
    url  = "https://graphql.github.io/learn/thinking-in-graphs/",
    addendum = "[Último acceso: 16 Octubre 2020]",
    keywords = "GraphQL"
}

@online{hyperledger-fabric-nodejs-sdk,
    title = "Hyperledger Fabric SDK for node.js Index",
    url  = "https://hyperledger.github.io/fabric-sdk-node/release-1.4/index.html",
    addendum = "[Último acceso: 16 Octubre 2020]",
    keywords = "Hyperledger Fabric Nodejs SDK"
}

@online{gatsby,
    title = "Gatsby",
    url  = "https://www.gatsbyjs.com/",
    addendum = "[Último acceso: 26 Octubre 2020]",
    keywords = "Gatsby"
}

@online{why-gatsby,
    author = "Sarah Mischinger",
    title = "3 reasons why you should consider Gatsby.js for your next project",
    url  = "https://www.storyblok.com/tp/3-reasons-why-you-should-consider-gatsby-js-for-your-next-project",
    addendum = "[Último acceso: 28 Octubre 2020]",
    keywords = "Gatsby"
}

@online{progressive-web-app-gatsby,
    title = "Progressive Web Apps (PWAs) | Gatsby",
    url  = "https://www.gatsbyjs.com/docs/progressive-web-app/",
    addendum = "[Último acceso: 16 Octubre 2020]",
    keywords = "Gatsby PWA"
}

@online{introduction-apollo-client,
    title = "Introduction to Apollo Client - Client (React) - Apollo GraphQL Docs",
    url  = "https://www.apollographql.com/docs/react/",
    addendum = "[Último acceso: 28 Octubre 2020]",
    keywords = "Apollo Client GraphQL React"
}

@online{angular-react-vue,
    author = "Shaumik Daityari",
    title = "Angular vs React vs Vue: Which Framework to Choose in 2020",
    url  = "https://www.codeinwp.com/blog/angular-vs-vue-vs-react/",
    addendum = "[Último acceso: 28 Octubre 2020]",
    keywords = "Angular React Vue"
}

@online{gatsby-offline,
    title = "gatsby-plugin-offline | Gatsby",
    url  = "https://www.gatsbyjs.com/plugins/gatsby-plugin-offline/?=",
    addendum = "[Último acceso: 16 Octubre 2020]",
    keywords = "Gatsby plugin"
}

@online{gatsby-manifest,
    title = "gatsby-plugin-manifest | Gatsby",
    url  = "https://www.gatsbyjs.com/plugins/gatsby-plugin-manifest/?=",
    addendum = "[Último acceso: 16 Octubre 2020]",
    keywords = "Gatsby plugin"
}

@online{setup-apollo-gatsby,
    title = "Setting Up Apollo Client 3 in a GatsbyJS APP - Youtube",
    url  = "https://youtu.be/X5fE7iyBQ-0",
    addendum = "[Último acceso: 16 Octubre 2020]",
    keywords = "Apollo Gatsby"
}

@online{dynamic-table,
    author = "Tarak",
    title = "Create Dynamic Table from json in react js",
    url  = "https://medium.com/@subalerts/create-dynamic-table-from-json-in-react-js-1a4a7b1146ef",
    addendum = "[Último acceso: 16 Octubre 2020]",
    keywords = "Dynamic table React"
}

@online{reactstrap,
    title = "Reactstrap - React Bootstrap 4 components",
    url  = "https://reactstrap.github.io/",
    addendum = "[Último acceso: 16 Octubre 2020]",
    keywords = "React Bootstrap"
}

@online{react,
    title = "React - A JavaScript library for building user interfaces",
    url  = "https://reactjs.org/",
    addendum = "[Último acceso: 16 Octubre 2020]",
    keywords = "React JavaScript"
}

@online{unit-test,
    title = "Unit Testing | Gatsby",
    url  = "https://www.gatsbyjs.com/docs/unit-testing/",
    addendum = "[Último acceso: 16 Octubre 2020]",
    keywords = "Unit test Gatsby"
}

@online{travis-ci-nodejs,
    title = "Building a JavaScript and Node.js project - Travis CI",
    url  = "https://docs.travis-ci.com/user/languages/javascript-with-nodejs/",
    addendum = "[Último acceso: 16 Octubre 2020]",
    keywords = "Travis CI JavaScript Node.js"
}

@online{what-is-seo,
    title = "What is SEO?",
    url  = "https://moz.com/learn/seo/what-is-seo",
    addendum = "[Último acceso: 2 Noviembre 2020]",
    keywords = "SEO"
}

@online{lighthouse,
    title = "Lighthouse | Tools for Web Developers",
    url  = "https://developers.google.com/web/tools/lighthouse/?utm_source=devtools",
    addendum = "[Último acceso: 2 Noviembre 2020]",
    keywords = "Lighthouse"
}

@online{fork-fabric-baseimage,
    title = "Fork fabric-baseimage",
    url  = "https://github.com/Thejokeri/fabric-baseimage",
    addendum = "[Último acceso: 9 Noviembre 2020]",
    keywords = "Fabric"
}

@online{fabric-baseimage,
    title = "fabric-baseimage",
    url  = "https://github.com/hyperledger/fabric-baseimage",
    addendum = "[Último acceso: 12 Noviembre 2020]",
    keywords = "Fabric"
}

@online{repo,
    title = "IoTBlockchainAPP",
    url  = "https://github.com/Thejokeri/IoTBlockchainAPP",
    addendum = "[Último acceso: 9 Noviembre 2020]",
    keywords = "IoTBlockchainAPP"
}

@online{no-ip,
    title = "NO-IP",
    url  = "https://www.noip.com/",
    addendum = "[Último acceso: 9 Noviembre 2020]",
    keywords = "DDNS"
}

@online{info-jobs,
    title = "Info Jobs",
    url  = "https://www.infojobs.net/",
    addendum = "[Último acceso: 9 Noviembre 2020]",
}

@online{ubuntu-rasp,
    title = "Install Ubuntu on Raspberry PI",
    url  = "https://ubuntu.com/download/raspberry-pi/thank-you?version=18.04.4&architecture=arm64+raspi3",
    addendum = "[Último acceso: 12 Noviembre 2020]",
}

@online{rasp-official-page,
    title = "Rasberry PI OS",
    url  = "https://www.raspberrypi.org/downloads/",
    addendum = "[Último acceso: 12 Noviembre 2020]",
}

@online{dockerhub,
    title = "DockerHub",
    url  = "https://hub.docker.com/search?q=thejokeri&type=image&architecture=arm64",
    addendum = "[Último acceso: 12 Noviembre 2020]",
}

@online{fabric,
    title = "fabric",
    url  = "https://github.com/hyperledger/fabric",
    addendum = "[Último acceso: 12 Noviembre 2020]",
    keywords = "Fabric"
}

@article{mati,
  title={Aplicación Distribuida Usando una Red Blockchain para la gestión y control de suministros de medicamentos},
  author={Matilde Cabrera González},
  year={Junio de 2018},
}

@article{jairo,
  title={Desarrollo De Una Red Blockchain Para La Gestión De Registros Académicos},
  author={Jairo Daniel Bautista Castro},
  year={septiembre de 2019},
}